<record><leader>00000cas a22000007a 4500</leader><controlfield tag="001">11219035</controlfield><controlfield tag="008">841002c19849999ctuwr ne      0   a0eng d</controlfield><controlfield tag="009">467</controlfield><datafield ind1=" " ind2=" " tag="010"><subfield code="a">sn 84002243 </subfield></datafield><datafield ind1=" " ind2=" " tag="040"><subfield code="a">NSD</subfield><subfield code="b">eng</subfield><subfield code="c">NSD</subfield><subfield code="d">CNW</subfield><subfield code="d">OCLCQ</subfield></datafield><datafield ind1=" " ind2=" " tag="012"><subfield code="m">1</subfield></datafield><datafield ind1="1" ind2=" " tag="022"><subfield code="a">8750-3123</subfield><subfield code="l">8750-3123</subfield><subfield code="y">0747-1777</subfield><subfield code="2">1</subfield></datafield><datafield ind1="1" ind2=" " tag="029"><subfield code="a">AU@</subfield><subfield code="b">000020408019</subfield></datafield><datafield ind1=" " ind2=" " tag="032"><subfield code="a">712190</subfield><subfield code="b">USPS</subfield></datafield><datafield ind1=" " ind2=" " tag="037"><subfield code="b">The Enfield Press, Box 2, West Hartford, CT 06107</subfield></datafield><datafield ind1=" " ind2=" " tag="042"><subfield code="a">nsdp</subfield><subfield code="a">msc</subfield></datafield><datafield ind1="0" ind2=" " tag="130"><subfield code="a">Enfield press (West Hartford, Conn.)</subfield></datafield><datafield ind1=" " ind2="4" tag="222"><subfield code="a">The Enfield press</subfield><subfield code="b">(1984)</subfield></datafield><datafield ind1="0" ind2="4" tag="245"><subfield code="a">The Enfield press.</subfield></datafield><datafield ind1=" " ind2=" " tag="260"><subfield code="a">West Hartford, Ct. :</subfield><subfield code="b">Imprint</subfield></datafield><datafield ind1=" " ind2=" " tag="310"><subfield code="a">Weekly</subfield></datafield><datafield ind1="0" ind2=" " tag="362"><subfield code="a">Vol. 105, no. 37 (Sept. 19, 1984)-</subfield></datafield><datafield ind1=" " ind2=" " tag="500"><subfield code="a">Published at Enfield, Conn., Sept. 19-Oct. 10, 1991; at Westfield, MA, Oct. 17, 1991-May 14, 1992; at Enfield, CT, May 21, 1992-</subfield></datafield><datafield ind1=" " ind2=" " tag="515"><subfield code="a">Issues for Sept. 1, 1988- lack numbering.</subfield></datafield><datafield ind1=" " ind2=" " tag="530"><subfield code="a">Available on microfilm from New England Micrographics, Marlboro, Mass.</subfield></datafield><datafield ind1=" " ind2="4" tag="651"><subfield code="a">Enfield (Conn.)</subfield><subfield code="v">Newspapers.</subfield></datafield><datafield ind1=" " ind2=" " tag="752"><subfield code="a">United States</subfield><subfield code="b">Connecticut</subfield><subfield code="c">Hartford</subfield><subfield code="d">Enfield.</subfield></datafield><datafield ind1="0" ind2="0" tag="780"><subfield code="t">Press (Enfield, Conn.)</subfield><subfield code="x">0746-9780</subfield><subfield code="w">(DLC)sn 84009468</subfield><subfield code="w">(OCoLC)10426925</subfield></datafield><datafield ind1=" " ind2=" " tag="936"><subfield code="a">Aug. 29, 1991 LIC</subfield></datafield></record>